<?xml version="1.0" encoding="UTF-8"?><collection xmlns="http://www.loc.gov/MARC21/slim"><record><leader>00299nam--2200121-i-4500</leader><controlfield tag="001">000040834</controlfield><controlfield tag="002">20161230</controlfield><controlfield tag="005">20161230201042</controlfield><controlfield tag="008">060222s1000------------r-----000-0-eng-d</controlfield><datafield ind1=" " ind2=" " tag="100"><subfield code="a">Schlegel, H.R.Und Nowak, Alfred</subfield></datafield><datafield ind1=" " ind2=" " tag="245"><subfield code="a">Impulstechnik</subfield></datafield><datafield ind1=" " ind2=" " tag="260"><subfield code="a">Hannover, Schutz, 1955, 623p.+1pl</subfield></datafield><datafield ind1=" " ind2=" " tag="852"><subfield code="a">12162</subfield></datafield></record></collection>